@book{book:textbook,
           author = "Pawan Dhingra, Robyn Magalit Rodriguez",
           title = "Asian America: Sociological and Interdisciplinary Perspectives",
           publisher = "Polity",
           year = "2014"
       }
}

@misc{misc:cultureprofile,
			title = "Cultural Profile:Chinese Americans",
			howpublished = "\url{http://ssrdqst.rfmh.org/sites/ssrdqst.rfmh.org.cecc/userfiles/profiles/Chinese%20Profile.pdf}",
			page = "5"
}

@misc{misc:languagespeaking,
			title = "Detailed List of Languages Spoken at Home for the Population 5 Years and Over by State: 2000",
			howpublished = "\url{http://www.census.gov/population/cen2000/phc-t20/tab05.pdf}",
			year = "2003"
}