@online{online:SelfEmployed,
  author = {C.N. Le},
  title = {Asian Small Business},
  year = {2015},
  url = {http://www.asian-nation.org/small-business.shtml},
  urldate = {\today}
}

@online{online:AsianAmericanChar,
  author = {Linda Nguyen},
  title = {Characteristics of the Traditional Asian Family},
  year = {2002},
  url = {http://www.coedu.usf.edu/zalaquett/mcdp/Asian%20handout.htm},
  urldate = {\today}
}
@online{online:SecondGenerationSelfEmployment,
  author = {Steven J. Gold, Ivan Light, M. Francis Johnston},
  title = {The Second Generation and Self-Employment},
  year = {2006},
  url = {http://www.migrationpolicy.org/article/second-generation-and-self-employment},
  urldate = {\today}
}
@book{book:ISelected,
  author = {Grace J. Yoo, Barbara W. Kim},
  title = {Caring Across Generations: The Linked Lives of Korean American Families},
  publisher = {NYU Press},
  year = {2014}	
}
@article{article:SelfControl,
  author = {June P. Tangney, Roy F. Baumeister, Angie Luzio Boone},
  title = {High Self-Control Predicts Good Adjustment, Less Pathology, Better Grades, and Interpersonal Success},
  journal = {Journal of Personality},
  volume = {72},
  number = {2},
  pages = {271--324},
  year = {2008},
  DOI = {10.1111/j.0022-3506.2004.00263.x}
}