@book{ book:SAPM,
           author = "Frank  Reily, Keith Brown",
           title = "Analysis of Investments and Management of Portfolios",
           publisher = "CENGAGE Learning",
           year = "2012"
}
@book{book:HA,
           author = "Frank  Reily, Keith Brown",
           title = "Analysis of Investments and Management of Portfolios",
           publisher = "CENGAGE Learning",
           year = "2012"	
}